<?xml version="1.0" encoding="UTF-8"?><collection xmlns="http://www.loc.gov/MARC21/slim"><record><leader>00574nam--2200205-i-4500</leader><controlfield tag="001">000042900</controlfield><controlfield tag="002">20161230</controlfield><controlfield tag="005">20161230201043</controlfield><controlfield tag="008">060222s1000------------r-----000-0-fre-d</controlfield><datafield ind1=" " ind2=" " tag="040"><subfield code="a">IFIN-HH</subfield></datafield><datafield ind1=" " ind2=" " tag="041"><subfield code="a">fre</subfield></datafield><datafield ind1=" " ind2=" " tag="080"><subfield code="a">518.9</subfield></datafield><datafield ind1="1" ind2=" " tag="100"><subfield code="a">Stern,M. Et Gamov,G</subfield></datafield><datafield ind1="1" ind2="0" tag="245"><subfield code="a">Jeux mathematiques. quelques casse-tete</subfield><subfield code="b">Traduit par genevieve gueron</subfield><subfield code="c">G. gamow, m. stern</subfield></datafield><datafield ind1=" " ind2=" " tag="260"><subfield code="a">Paris</subfield><subfield code="b">Dunod</subfield><subfield code="c">1959</subfield></datafield><datafield ind1=" " ind2=" " tag="300"><subfield code="a">XII + 105 P</subfield></datafield><datafield ind1=" " ind2=" " tag="500"><subfield code="a">Titlul Original In Limba Engleza: Puzzle-math</subfield></datafield><datafield ind1="1" ind2=" " tag="700"><subfield code="a">Stern, M</subfield></datafield><datafield ind1=" " ind2=" " tag="852"><subfield code="a">15674</subfield><subfield code="c">518.9</subfield></datafield><datafield ind1=" " ind2=" " tag="CAT"><subfield code="a">Sys</subfield><subfield code="c">20130808</subfield><subfield code="h">141956</subfield></datafield></record></collection>